@article{einstein,
    author =       "Albert Einstein",
    title =        "{Zur Elektrodynamik bewegter K{\"o}rper}. ({German})
        [{On} the electrodynamics of moving bodies]",
    journal =      "Annalen der Physik",
    volume =       "322",
    number =       "10",
    pages =        "891--921",
    year =         "1905",
    DOI =          "http://dx.doi.org/10.1002/andp.19053221004"
}

@book{latexcompanion,
    author    = "Michel Goossens and Frank Mittelbach and Alexander Samarin",
    title     = "The \LaTeX\ Companion",
    year      = "1993",
    publisher = "Addison-Wesley",
    address   = "Reading, Massachusetts"
}

@misc{knuthwebsite,
    author    = "Donald Knuth",
    title     = "Knuth: Computers and Typesetting",
    url       = "http://www-cs-faculty.stanford.edu/\~{}uno/abcde.html"
}

@misc{ISA-88,
	author    = "ISA (Instrument Society of America)",
	title     = "ISA88: Batch Control",
	url       = "https://www.isa.org/standards-and-publications/isa-standards/isa-standards-committees/isa88"
}

@book{Seitz,
	author    = "Matthias Seitz",
	title     = "Speicherprogrammierbare Steuerungen in der Industrie 4.0 - Kapitel 6",
	year      = "2021",
	publisher = "Hanser Fachbuch"
}

@book{Referenzprojekt,
	author    = "Yannick Spatz",
	title     = "Automatisierung: Chemische Reaktoranlage",
	year      = "2024",
	publisher = "BFH"
}

@book{Vergleich_1,
	author    = "Simon Kaderli",
	title     = "Skill-basierte Aufgabenplanung f체r Roboter in Handarbeitspl채tzen von Herstellungsprozessen",
	year      = "2020",
	publisher = "BFH"
}

@book{Vergleich_2,
	author    = "Matthias Mayr, Francesco Rovida und Volker Krueger",
	title     = "SkiROS2: A skill-based Robot Control Platform for ROS",
	year      = "2023",
	publisher = "IEEE/RSJ International Conference on Intelligent Robots and Systems (IROS)",
	address   = "Detroit, USA"
}

@book{Vergleich_3,
	author    = "Frank N채gele",
	title     = "Prototypbasiertes Skill-Modell zur	Programmierung von Robotern f체r kraftgeregelte Montageprozesse",
	year      = "2021",
	publisher = "Frauenhofer Verlag"
}

@misc{Vergleich_4,
	author    = "Christian Friedrich, Arvid Hellmich und Steffen Ihlenfeldt",
	title     = "Flexible skill-based control for robot cells in manufacturing",
	url       = "https://www.frontiersin.org/journals/robotics-and-ai/articles/10.3389/frobt.2022.1014476/full"
}

@misc{VDI2658,
	author    = "Anwendung der Automatisierungstechnik",
	title     = "Automatisierungstechnisches Engineering modularer Anlagen in der Prozessindustrie",
	url       = "https://www.vdi.de/richtlinien/details/vdivdenamur-2658-blatt-1-automatisierungstechnisches-engineering-modularer-anlagen-in-der-prozessindustrie-allgemeines-konzept-und-schnittstellen"
}

@misc{MTP,
	author    = "Beckhoff",
	title     = "TwinCAT MTP: modulare Automation mit Module Type Package",
	url       = "https://www.beckhoff.com/de-ch/produkte/automation/module-type-package-mtp/"
}

@misc{PLCopen,
	author    = "PLCopen",
	title     = "Higher efficiency in your application software development",
	url       = "https://plcopen.org/"
}

@book{UR5,
	author    = "Universal Robots",
	title     = "User Manual Version 1.6 (UR5 with CB2)",
	year      = "2012",
	publisher = "Universal Robots"
}

@book{HexE,
	author    = "OnRobot",
	title     = "HEX-E SENSOR 2.0 DATASHEET",
	year      = "2018",
	publisher = "OnRobot"
}

@book{2F-85,
	author    = "ROBOTIQ",
	title     = "2F-85 Instruction Manual",
	year      = "2018",
	publisher = "ROBOTIQ"
}

@misc{Automatisierungspyramide,
	author    = "IPH-Hannover",
	title     = "Automatisierungspyramide: Aufbau und Bedeutung",
	url       = "https://www.iph-hannover.de/de/dienstleistungen/automatisierungstechnik/automatisierungspyramide/#:~:text=Bei%20der%20Automatisierungspyramide%20handelt%20es,insgesamt%20drei%20bis%20sieben%20Ebenen."
}

@book{URScript,
	author    = "Universal Robots",
	title     = "The URScript Programming Language for SW5",
	year      = "2024 - 5.16 ",
	publisher = "Universal Robots"
}

@book{UR-RT-Interface,
	author    = "Universal Robots",
	title     = "Realtime Client Interface",
	year      = "2021",
	publisher = "Universal Robots"
}

@misc{TF6310,
	author    = "Beckhoff",
	title     = "TF6310 | TwinCAT 3 TCP/IP",
	url       = "https://www.beckhoff.com/de-ch/produkte/automation/twincat/tfxxxx-twincat-3-functions/tf6xxx-connectivity/tf6310.html"
}

@book{ComputeBox,
	author    = "OnRobot",
	title     = "DESCRIPTION Compute Box Robot Controller Interface",
	year      = "2018",
	publisher = "OnRobot"
}

@misc{TF6255,
	author    = "Beckhoff",
	title     = "TF6255 | TwinCAT 3 Modbus RTU",
	url       = "https://www.beckhoff.com/de-ch/produkte/automation/twincat/tfxxxx-twincat-3-functions/tf6xxx-connectivity/tf6255.html"
}

@misc{KL6041,
	author    = "Beckhoff",
	title     = "KL6041 | Busklemme, 1-Kanal-Kommunikations-Interface, seriell, RS422/RS485",
	url       = "https://www.beckhoff.com/de-ch/produkte/i-o/busklemmen/kl6xxx-kommunikation/kl6041.html"
}

@book{EGM,
	author    = "ABB",
	title     = "Anwendungshandbuch Externally Guided Motion",
	year      = "2021",
	publisher = "ABB"
}

@misc{ABB-OPCUA,
	author    = "ABB",
	title     = "Connect your robots using IoT Gateway - OPC UA or MQTT",
	url       = "https://new.abb.com/products/robotics/controllers/opc-ua"
}

@misc{MX_Automation,
	author    = "KUKA",
	title     = "KUKA.PLC mxAutomation",
	url       = "https://www.kuka.com/de-ch/produkte-leistungen/robotersysteme/software/hub-technologies/kuka-plc-mxautomation"
}

@book{KUKA-OPCUA,
	author    = "KUKA",
	title     = "KUKA.OPC UA 2.0",
	year      = "2019",
	publisher = "KUKA"
}